@article {springerlink:10.1007/s11263-012-0564-1,
   author = {Vondrick, Carl and Patterson, Donald and Ramanan, Deva},
   title = {Efficiently Scaling up Crowdsourced Video Annotation},
   journal = {Int. J. of Comp.Vis.},
   publisher = {Springer Netherlands},
   year={2013},
   pages = {1-21},
}

@inproceedings{rasmussen2003gaussian,
  title={Gaussian processes in machine learning},
  author={Rasmussen, Carl Edward},
  booktitle={Summer School on Machine Learning},
  pages={63--71},
  year={2003},
  organization={Springer}
}
============================= Background Subtraction ============================= 
@inproceedings{stauffer1999adaptive,
  title={Adaptive background mixture models for real-time tracking},
  author={Stauffer, Chris and Grimson, W Eric L},
  booktitle={CVPR},
  volume={2},
  year={1999},
  organization={IEEE}
}

@incollection{kaewtrakulpong2002improved,
  title={An improved adaptive background mixture model for real-time tracking with shadow detection},
  author={KaewTraKulPong, Pakorn and Bowden, Richard},
  booktitle={Video-based surveillance systems},
  pages={135--144},
  year={2002},
  publisher={Springer}
}

@inproceedings{zivkovic2004improved,
  title={Improved adaptive Gaussian mixture model for background subtraction},
  author={Zivkovic, Zoran},
  booktitle={Patt.Rec., 2004. ICPR 2004.  17th Int. Conf. on},
  volume={2},
  pages={28--31},
  year={2004},
  organization={IEEE}
}

@inproceedings{godbehere2012visual,
  title={Visual tracking of human visitors under variable-lighting conditions for a responsive audio art installation},
  author={Godbehere, Andrew B and Matsukawa, Akihiro and Goldberg, Ken},
  booktitle={2012 American Control Conf. (ACC)},
  pages={4305--4312},
  year={2012},
  organization={IEEE}
}

@article{kumar2000foreground,
  title={Foreground background segmentation using temporal and spatial markov processes},
  author={Kumar, Pankaj and Sengupta, Kuntal},
  journal={Department of Electrical and Computer Engineering, National University of Singapore},
  year={2000},
  publisher={Citeseer}
}

@inproceedings{javed2002hierarchical,
  title={A hierarchical approach to robust background subtraction using color and gradient information},
  author={Javed, Omar and Shafique, Khurram and Shah, Mubarak},
  booktitle={Motion and Video Computing, 2002. Proc.. Workshop on},
  pages={22--27},
  year={2002},
  organization={IEEE}
}

@article{barnich2011vibe,
  title={ViBe: A universal background subtraction algorithm for video sequences},
  author={Barnich, Olivier and Van Droogenbroeck, Marc},
  journal={Image Processing, IEEE Trans. on},
  volume={20},
  number={6},
  pages={1709--1724},
  year={2011},
  publisher={IEEE}
}

@article{bouwmans2008background,
  title={Background modeling using mixture of gaussians for foreground detection-a survey},
  author={Bouwmans, Thierry and El Baf, Fida and Vachon, Bertrand},
  journal={Recent Patents on Computer Science},
  volume={1},
  number={3},
  pages={219--237},
  year={2008},
  publisher={Bentham Science Publishers}
}

@inproceedings{elgammal2000non,
  title={Non-parametric model for background subtraction},
  author={Elgammal, Ahmed and Harwood, David and Davis, Larry},
  booktitle={European conf. on comp.vis.},
  pages={751--767},
  year={2000},
  organization={Springer}
}

@article{zivkovic2006efficient,
  title={Efficient adaptive density estimation per image pixel for the task of background subtraction},
  author={Zivkovic, Zoran and van der Heijden, Ferdinand},
  journal={Patt.Rec. letters},
  volume={27},
  number={7},
  pages={773--780},
  year={2006},
  publisher={Elsevier}
}

@article{wang2007consensus,
  title={A consensus-based method for tracking: Modelling background scenario and foreground appearance},
  author={Wang, Hanzi and Suter, David},
  journal={Patt.Rec.},
  volume={40},
  number={3},
  pages={1091--1105},
  year={2007},
  publisher={Elsevier}
}

@article{st2015subsense,
  title={Subsense: A universal change detection method with local adaptive sensitivity},
  author={St-Charles, Pierre-Luc and Bilodeau, Guillaume-Alexandre and Bergevin, Robert},
  journal={IEEE Trans. on Image Processing},
  volume={24},
  number={1},
  pages={359--373},
  year={2015},
  publisher={IEEE}
}

@inproceedings{st2015self,
  title={A self-adjusting approach to change detection based on background word consensus},
  author={St-Charles, Pierre-Luc and Bilodeau, Guillaume-Alexandre and Bergevin, Robert},
  booktitle={2015 IEEE Winter Conf. on Applications of Comp.Vis.},
  pages={990--997},
  year={2015},
  organization={IEEE}
}
============================= optical flow ============================= 

@article{horn1981determining,
  title={Determining optical flow},
  author={Horn, Berthold KP and Schunck, Brian G},
  journal={Artificial intelligence},
  volume={17},
  number={1-3},
  pages={185--203},
  year={1981},
  publisher={Elsevier}
}

@inproceedings{lucas1981iterative,
  title={An iterative image registration technique with an application to stereo vision.},
  author={Lucas, Bruce D and Kanade, Takeo and others},
  booktitle={IJCAI},
  volume={81},
  year={1981}
}

@inproceedings{zach2007duality,
  title={A duality based approach for realtime TV-L 1 optical flow},
  author={Zach, Christopher and Pock, Thomas and Bischof, Horst},
  booktitle={Joint Patt.Rec. Symposium},
  pages={214--223},
  year={2007},
  organization={Springer}
}

@inproceedings{werlberger2009anisotropic,
  title={Anisotropic Huber-L1 Optical Flow.},
  author={Werlberger, Manuel and Trobin, Werner and Pock, Thomas and Wedel, Andreas and Cremers, Daniel and Bischof, Horst},
  booktitle={BMVC},
  volume={1},
  number={2},
  pages={3},
  year={2009}
}

@inproceedings{weinzaepfel2013deepflow,
  title={Deepflow: Large displacement optical flow with deep matching},
  author={Weinzaepfel, Philippe and Revaud, Jerome and Harchaoui, Zaid and Schmid, Cordelia},
  booktitle={ IEEE Int. Conf. on Comp.Vis.},
  pages={1385--1392},
  year={2013}
}

============================= single object tracker ============================= 
@inproceedings{kalal2010forward,
  title={Forward-backward error: Automatic detection of tracking failures},
  author={Kalal, Zdenek and Mikolajczyk, Krystian and Matas, Jiri},
  booktitle={Patt.Rec. (ICPR), 2010 20th Int. Conf. on},
  year={2010},
  organization={IEEE}
}

@article{kalal2012tracking,
  title={Tracking-learning-detection},
  author={Kalal, Zdenek and Mikolajczyk, Krystian and Matas, Jiri},
  journal={IEEE trans. on patt. anal. and mach. int.},
  volume={34},
  number={7},
  year={2012},
  publisher={IEEE}
}

@InProceedings{Wu_2013_CVPR,
author = {Wu, Yi and Lim, Jongwoo and Yang, Ming-Hsuan},
title = {Online Object Tracking: A Benchmark},
booktitle = {IEEE CVPR},
month = {June},
year = {2013}
}

@article{wu2015object,
  title={Object tracking benchmark},
  author={Wu, Yi and Lim, Jongwoo and Yang, Ming-Hsuan},
  journal={IEEE Trans. on Patt. Anal. and Mach. Int.},
  volume={37},
  number={9},
  year={2015},
  publisher={IEEE}
}

@inproceedings{babenko2009visual,
  title={Visual tracking with online multiple instance learning},
  author={Babenko, Boris and Yang, Ming-Hsuan and Belongie, Serge},
  booktitle={Comp.Vis. and Patt.Rec., 2009. CVPR 2009. IEEE Conf. on},
  pages={983--990},
  year={2009},
  organization={IEEE}
}

@inproceedings{kwon2010visual,
  title={Visual tracking decomposition},
  author={Kwon, Junseok and Lee, Kyoung Mu},
  booktitle={CVPR},
  pages={1269--1276},
  year={2010},
  organization={IEEE}
}

@article{ross2008incremental,
  title={Incremental learning for robust visual tracking},
  author={Ross, David A and Lim, Jongwoo and Lin, Ruei-Sung and Yang, Ming-Hsuan},
  journal={Int. J. of Comp.Vis.},
  volume={77},
  number={1-3},
  pages={125--141},
  year={2008},
  publisher={Springer}
}

@article{jepson2003robust,
  title={Robust online appearance models for visual tracking},
  author={Jepson, Allan D and Fleet, David J and El-Maraghi, Thomas F},
  journal={IEEE Trans. on Pattern Analysis and Machine Intelligence},
  volume={25},
  number={10},
  pages={1296--1311},
  year={2003},
  publisher={IEEE}
}

@inproceedings{grabner2008semi,
  title={Semi-supervised on-line boosting for robust tracking},
  author={Grabner, Helmut and Leistner, Christian and Bischof, Horst},
  booktitle={European conf. on comp.vis.},
  pages={234--247},
  year={2008},
  organization={Springer}
}

@inproceedings{grabner2006real,
  title={Real-time tracking via on-line boosting.},
  author={Grabner, Helmut and Grabner, Michael and Bischof, Horst},
  booktitle={BMVC},
  volume={1},
  number={5},
  pages={6},
  year={2006}
}

@inproceedings{bai2012robust,
  title={Robust tracking via weakly supervised ranking svm},
  author={Bai, Yancheng and Tang, Ming},
  booktitle={CVPR},
  pages={1854--1861},
  year={2012},
  organization={IEEE}
}

================================= benckmark trackers =========================================== 

@inproceedings{hare2011struck,
  title={Struck: Structured output tracking with kernels},
  author={Hare, Sam and Saffari, Amir and Torr, Philip HS},
  booktitle={ICCV},
  pages={263--270},
  year={2011},
  organization={IEEE}
}

@article{henriques2015high,
  title={High-speed tracking with kernelized correlation filters},
  author={Henriques, Jo{\~a}o F and Caseiro, Rui and Martins, Pedro and Batista, Jorge},
  journal={IEEE Trans. on Patt. Analysis and Mach. Int.},
  volume={37},
  number={3},
  pages={583--596},
  year={2015},
  publisher={IEEE}
}

@article{vojir2014robust,
  title={Robust scale-adaptive mean-shift for tracking},
  author={Vojir, Tomas and Noskova, Jana and Matas, Jiri},
  journal={Patt.Rec. Letters},
  volume={49},
  pages={250--258},
  year={2014},
  publisher={Elsevier}
}

@inproceedings{possegger2015defense,
  title={In defense of color-based model-free tracking},
  author={Possegger, Horst and Mauthner, Thomas and Bischof, Horst},
  booktitle={IEEE CVPR},
  pages={2113--2120},
  year={2015}
}

@inproceedings{bertinetto2016staple,
  title={Staple: Complementary learners for real-time tracking},
  author={Bertinetto, Luca and Valmadre, Jack and Golodetz, Stuart and Miksik, Ondrej and Torr, Philip HS},
  booktitle={ IEEE CVPR},
  pages={1401--1409},
  year={2016}
}

@inproceedings{zhang2014meem,
  title={MEEM: robust tracking via multiple experts using entropy minimization},
  author={Zhang, Jianming and Ma, Shugao and Sclaroff, Stan},
  booktitle={European Conf. on Comp.Vis.},
  pages={188--203},
  year={2014},
  organization={Springer}
}

@inproceedings{danelljan2015learning,
  title={Learning spatially regularized correlation filters for visual tracking},
  author={Danelljan, Martin and Hager, Gustav and Shahbaz Khan, Fahad and Felsberg, Michael},
  booktitle={ IEEE Int. Conf. on Comp.Vis.},
  pages={4310--4318},
  year={2015}
}

============================= multi object tracker ============================= 
@article{berclaz2011multiple,
  title={Multiple object tracking using k-shortest paths optimization},
  author={Berclaz, Jerome and Fleuret, Francois and Turetken, Engin and Fua, Pascal},
  journal={IEEE trans. on pattern analysis and machine intelligence},
  volume={33},
  number={9},
  pages={1806--1819},
  year={2011},
  publisher={IEEE}
}

@inproceedings{jiang2007linear,
  title={A linear programming approach for multiple object tracking},
  author={Jiang, Hao and Fels, Sidney and Little, James J},
  booktitle={2007 IEEE CVPR.},
  pages={1--8},
  year={2007},
  organization={IEEE}
}

@inproceedings{zhang2008global,
  title={Global data assoc. for multi-object tracking using netw. flows},
  author={Zhang, Li and Li, Yuan and Nevatia, Ramakant},
  booktitle={CVPR'08},
  pages={1--8},
  year={2008},
  organization={IEEE}
}


@inproceedings{pirsiavash2011globally,
  title={Globally-optimal greedy algorithms for tracking a variable number of objects},
  author={Pirsiavash, Hamed and Ramanan, Deva and Fowlkes, Charless C},
  booktitle={CVPR},
  pages={1201--1208},
  year={2011},
  organization={IEEE}
}

@inproceedings{henriques2011globally,
  title={Globally optimal solution to multi-object tracking with merged measurements},
  author={Henriques, Joao F and Caseiro, Rui and Batista, Jorge},
  booktitle={2011 Int. Conf. on Comp.Vis.},
  pages={2470--2477},
  year={2011},
  organization={IEEE}
}

@inproceedings{brendel2011multiobject,
  title={Multiobject tracking as maximum weight independent set},
  author={Brendel, William and Amer, Mohamed and Todorovic, Sinisa},
  booktitle={Comp.Vis. and Patt.Rec. (CVPR), 2011 IEEE Conf. on},
  pages={1273--1280},
  year={2011},
  organization={IEEE}
}

@inproceedings{andriyenko2011multi,
  title={Multi-target tracking by continuous energy minimization},
  author={Andriyenko, Anton and Schindler, Konrad},
  booktitle={CVPR},
  year={2011},
  organization={IEEE}
}

@inproceedings{butt2013multi,
  title={Multi-target tracking by lagrangian relaxation to min-cost network flow},
  author={Butt, Asad A and Collins, Robert T},
  booktitle={ IEEE CVPR.},
  year={2013}
}

@incollection{zamir2012gmcp,
  title={Gmcp-tracker: Global multi-object tracking using generalized minimum clique graphs},
  author={Zamir, Amir Roshan and Dehghan, Afshin and Shah, Mubarak},
  booktitle={Comp.Vis.--ECCV 2012},
  pages={343--356},
  year={2012},
  publisher={Springer}
}

@inproceedings{bae2014robust,
  title={Robust online multi-object tracking based on tracklet confidence and online discriminative appearance learning},
  author={Bae, Seung-Hwan and Yoon, Kuk-Jin},
  booktitle={2014 IEEE CVPR.},
  pages={1218--1225},
  year={2014},
  organization={IEEE}
}

@inproceedings{possegger2014occlusion,
  title={Occlusion geodesics for online multi-object tracking},
  author={Possegger, Horst and Mauthner, Thomas and Roth, Peter M and Bischof, Horst},
  booktitle={ IEEE CVPR.},
  pages={1306--1313},
  year={2014}
}

@inproceedings{zhang2013structure,
  title={Structure preserving object tracking},
  author={Zhang, Lu and van der Maaten, Laurens},
  booktitle={ IEEE conf. on comp.vis. and patt.rec.},
  pages={1838--1845},
  year={2013}
}

@inproceedings{choi2015near,
  title={Near-online multi-target tracking with aggregated local flow descriptor},
  author={Choi, Wongun},
  booktitle={ IEEE ICCV},
  year={2015}
}

@inproceedings{perera2006multi,
  title={Multi-object tracking through simultaneous long occlusions and split-merge conditions},
  author={Perera, AG Amitha and Srinivas, Chukka and Hoogs, Anthony and Brooksby, Glen and Hu, Wensheng},
  booktitle={2006 IEEE Computer Society CVPR. (CVPR'06)},
  volume={1},
  pages={666--673},
  year={2006},
  organization={IEEE}
}


============================= context work ============================= 
@inproceedings{manen2014appearances,
  title={Appearances can be deceiving: Learning visual tracking from few trajectory annotations},
  author={Manen, Santiago and Kwon, Junseok and Guillaumin, Matthieu and Van Gool, Luc},
  booktitle={European Conf. on Comp.Vis.},
  pages={157--172},
  year={2014},
  organization={Springer}
}

@incollection{zhao2012tracking,
  title={Tracking using motion patterns for very crowded scenes},
  author={Zhao, Xuemei and Gong, Dian and Medioni, G{\'e}rard},
  booktitle={Comp.Vis.--ECCV 2012},
  pages={315--328},
  year={2012},
  publisher={Springer}
}

@inproceedings{zhou2012understanding,
  title={Understanding collective crowd behaviors: Learning a mixture model of dynamic pedestrian-agents},
  author={Zhou, Bolei and Wang, Xiaogang and Tang, Xiaoou},

  booktitle={Comp.Vis. and Patt.Rec. (CVPR), 2012 IEEE Conf. on},
  pages={2871--2878},
  year={2012},
  organization={IEEE}
}

@article{godec2013hough,
  title={Hough-based tracking of non-rigid objects},
  author={Godec, Martin and Roth, Peter M and Bischof, Horst},
  journal={Comp.Vis. and Image Understanding},
  volume={117},
  number={10},
  pages={1245--1256},
  year={2013},
  publisher={Elsevier}
}

@inproceedings{duffner2013pixeltrack,
  title={Pixeltrack: a fast adaptive algorithm for tracking non-rigid objects},
  author={Duffner, Stefan and Garcia, Christophe},
  booktitle={ IEEE int. conf. on comp.vis.},
  pages={2480--2487},
  year={2013}
}

============================= related work ============================= 
@article{coifman1998real,
  title={A real-time comp.vis. system for vehicle tracking and traffic surveillance},
  author={Coifman, Benjamin and Beymer, David and McLauchlan, Philip and Malik, Jitendra},
  journal={Transp. Res. Part C: Emerging Tech},
  volume={6},
  number={4},
  pages={271--288},
  year={1998},
  publisher={Elsevier}
}

@article{fathy1998window,
  title={A window-based image processing technique for quantitative and qualitative analysis of road traffic parameters},
  author={Fathy, M and Siyal, MY},
  journal={Vehicular Technology, IEEE Trans. on},
  volume={47},
  number={4},
  pages={1342--1349},
  year={1998},
  publisher={IEEE}
}

@techreport{klein2006traffic,
  title={Traffic Detector Handbook: -Volume II},
  author={Klein, Lawrence A and Mills, Milton K and Gibson, David RP},
  year={2006}
}

@inproceedings{bacs2007automatic,
  title={Automatic vehicle counting from video for traffic flow analysis},
  author={Ba{\c{s}}, Erhan and Salman, F Sibel and others},
  booktitle={Intelligent Vehicles Symposium, 2007 IEEE},
  pages={392--397},
  year={2007},
  organization={Ieee}
}

@article{hsieh2006automatic,
  title={Automatic traffic surveillance system for vehicle tracking and classification},
  author={Hsieh, Jun-Wei and Yu, Shih-Hao and Chen, Yung-Sheng and Hu, Wen-Fong},
  journal={Intelligent Transportation Systems, IEEE Trans. on},
  volume={7},
  number={2},
  pages={175--187},
  year={2006},
  publisher={IEEE}
}

@article{zhou2007moving,
  title={Moving vehicle detection for automatic traffic monitoring},
  author={Zhou, Jie and Gao, Dashan and Zhang, David},
  journal={Vehicular Technology, IEEE Trans. on},
  volume={56},
  number={1},
  pages={51--59},
  year={2007},
  publisher={IEEE}
}

@inproceedings{brahme2011implementation,
  title={An implementation of moving object detection, tracking and counting objects for traffic surveillance system},
  author={Brahme, Yoginee B and Kulkarni, PS},
  booktitle={Computational Intelligence and Communication Networks (CICN), 2011 Int. Conf. on},
  pages={143--148},
  year={2011},
  organization={IEEE}
}

@inproceedings{tamersoy2010counting,
  title={Counting vehicles in highway surveillance videos},
  author={Tamersoy, Birgi and Aggarwal, JK},
  booktitle={Patt.Rec. (ICPR), 2010 20th Int. Conf. on},
  pages={3631--3635},
  year={2010},
  organization={IEEE}
}

@article{unzueta2012adaptive,
  title={Adaptive multicue background subtraction for robust vehicle counting and classification},
  author={Unzueta, Luis and Nieto, Marcos and Cort{\'e}s, Andoni and Barandiaran, Javier and Otaegui, Oihana and S{\'a}nchez, Pedro},
  journal={IEEE Trans. on Intelligent Transportation Systems},
  volume={13},
  number={2},
  pages={527--540},
  year={2012},
  publisher={IEEE}
}

@article{bulan2013video,
  title={Video-based real-time on-street parking occupancy detection system},
  author={Bulan, Orhan and Loce, Robert P and Wu, Wencheng and Wang, YaoRong and Bernal, Edgar A and Fan, Zhigang},
  journal={J. of Electronic Imaging},
  volume={22},
  number={4},
  pages={041109--041109},
  year={2013},
  publisher={Int. Society for Optics and Photonics}
}

@inproceedings{bouvie2013tracking,
  title={Tracking and counting vehicles in traffic video sequences using particle filtering},
  author={Bouvie, Christiano and Scharcanski, Jacob and Barcellos, Pablo and Lopes Escouto, Fabiano},
  booktitle={Instrumentation and Measurement Technology Conf. (I2MTC), 2013 IEEE Int.},
  pages={812--815},
  year={2013},
  organization={IEEE}
}

@techreport{katasuki2013bayesian,
  title={Bayesian unsupervised vehicle counting},
  author={Katasuki, Takayuki and Morimura, Tetsuro and Id{\'e}, Tsuyoshi},
  year={2013},
  institution={Technical Report}
}

@article{mimbela2000summary,
  title={Summary of vehicle detection and surveillance technologies used in intelligent transportation systems},
  author={Mimbela, Luz Elena Y and Klein, Lawrence A},
  year={2000}
}

@article{jiang2011anomalous,
  title={Anomalous video event detection using spatiotemporal context},
  author={Jiang, Fan and Yuan, Junsong and Tsaftaris, Sotirios A and Katsaggelos, Aggelos K},
  journal={Comp.Vis. and Image Understanding},
  volume={115},
  number={3},
  pages={323--333},
  year={2011},
  publisher={Elsevier}
}

@inproceedings{wang2015real,
  title={Real time multi-vehicle tracking and counting at intersections from a fisheye camera},
  author={Wang, Wei and Gee, Tim and Price, Jeff and Qi, Hairong},
  booktitle={WACV},
  year={2015},
}

@article{chen2011real,
  title={A real-time vision system for nighttime vehicle detection and traffic surveillance},
  author={Chen, Yen-Lin and Wu, Bing-Fei and Huang, Hao-Yu and Fan, Chung-Jui},
  journal={IEEE Trans. on Indust. Elec.},
  volume={58},
  number={5},
  pages={2030--2044},
  year={2011},
  publisher={IEEE}
}

============================= dataset ============================= 
@inproceedings{Collins_2005_5110,
   author = "Robert Collins and Xuhui Zhou and Seng Keat Teh",
   title = "An Open Source Tracking Testbed and Evaluation Web Site",
   booktitle = "IEEE Int. Workshop on Performance Evaluation of Tracking and Surveillance (PETS 2005), January 2005",
   month = "January",
   year = "2005",
}

@inproceedings{fisher2004pets04,
  title={The PETS04 surveillance ground-truth data sets},
  author={Fisher, Robert B}
}


@article{wang2009unsupervised,
  title={Unsupervised activity perception in crowded and complicated scenes using hierarchical bayesian models},
  author={Wang, Xiaogang and Ma, Xiaoxu and Grimson, W Eric L},
  journal={PAMI},
  volume={31},
  number={3},
  pages={539--555},
  year={2009},
  publisher={IEEE}
}

@article{sivaraman2010general,
  title={A general active-learning framework for on-road vehicle recognition and tracking},
  author={Sivaraman, Sayanan and Trivedi, Mohan Manubhai},
  journal={IEEE Transactions on Intelligent Transportation Systems},
  volume={11},
  pages={267--276},
  year={2010},
  publisher={IEEE}
}

@InProceedings{ TMEMotorwayDataset,
author = "Claudio Caraffi and Tomas Vojir and Jura Trefny and Jan Sochman and Jiri Matas", 
title = "{A System for Real-time Detection and Tracking of Vehicles from a Single Car-mounted Camera}",
booktitle = "ITS Conference",
year = "2012",
pages = "975--982",
}
============================ Kalman filter =============================
@techreport{Welch:1995:IKF:897831,
 author = {Welch, Greg and Bishop, Gary},
 title = {An Introduction to the Kalman Filter},
 year = {1995},
 source = {http://www.ncstrl.org:8900/ncstrl/servlet/search?formname=detail\&id=oai%3Ancstrlh%3Auncch_cs%3AUNCCH_CS%2F%2FTR95-041},
 publisher = {University of North Carolina at Chapel Hill},
 address = {Chapel Hill, NC, USA}
} 

@inproceedings{li2010multiple,
  title={A multiple object tracking method using Kalman filter},
  author={Li, Xin and Wang, Kejun and Wang, Wei and Li, Yang},
  booktitle={Information and Automation (ICIA), 2010 IEEE Int. Conf. on},
  pages={1862--1866},
  year={2010},
  organization={IEEE}
}

@article{kalman1960new,
  title={A new approach to linear filtering and prediction problems},
  author={Kalman, Rudolph Emil},
  journal={J. of basic Engineering},
  volume={82},
  number={1},
  pages={35--45},
  year={1960},
  publisher={American Society of Mechanical Engineers}
}

@book{grewal2011kalman,
  title={Kalman filtering},
  author={Grewal, Mohinder S},
  year={2011},
  publisher={Springer}
}

============================= Metrics =============================
@article{sanin2012shadow,
  title={Shadow detection: A survey and comparative evaluation of recent methods},
  author={Sanin, Andres and Sanderson, Conrad and Lovell, Brian C},
  journal={Patt.Rec.},
  volume={45},
  number={4},
  pages={1684--1695},
  year={2012},
  publisher={Elsevier}
}


@inproceedings{kwon2009tracking,
  title={Tracking of a non-rigid object via patch-based dynamic appearance modeling and adaptive basin hopping monte carlo sampling},
  author={Kwon, Junseok and Lee, Kyoung Mu},
  booktitle={Comp.Vis. and Patt.Rec., 2009. CVPR 2009. IEEE Conf. on},
  pages={1208--1215},
  year={2009},
  organization={IEEE}
}


@article{bernardin2008evaluating,
  title={Evaluating multiple object tracking performance: the CLEAR MOT metrics},
  author={Bernardin, Keni and Stiefelhagen, Rainer},
  journal={EURASIP Journal on Image and Video Processing},
  volume={2008},
  number={1},
  pages={1--10},
  year={2008},
  publisher={Springer}
}
============================= Detector =============================
@inproceedings{renNIPS15fasterrcnn,
  title={Faster r-cnn: Towards real-time object detection with region proposal networks},
  author={Ren, Shaoqing and He, Kaiming and Girshick, Ross and Sun, Jian},
    booktitle={Adv. in neural info. processing systems},
  pages={91--99},
  year={2015}
}

@inproceedings{felzenszwalb2010cascade,
  title={Cascade object detection with deformable part models},
  author={Felzenszwalb, Pedro F and Girshick, Ross B and McAllester, David},
  booktitle={CVPR},
  year={2010},
  organization={IEEE}
}

@inproceedings{viola2001rapid,
  title={Rapid object detection using a boosted cascade of simple features},
  author={Viola, Paul and Jones, Michael},
  booktitle={IEEE CVPR},
  volume={1},
  pages={I--511},
  year={2001},
  organization={IEEE}
}

@inproceedings{dalal2005histograms,
  title={Histograms of oriented gradients for human detection},
  author={Dalal, Navneet and Triggs, Bill},
  booktitle={CVPR},
  volume={1},
  pages={886--893},
  year={2005},
  organization={IEEE}
}

@inproceedings{papageorgiou1998general,
  title={A general framework for object detection},
  author={Papageorgiou, Constantine P and Oren, Michael and Poggio, Tomaso},
  booktitle={comp.vis., 1998. sixth int. conf. on},
  pages={555--562},
  year={1998},
  organization={IEEE}
}

@inproceedings{girshick2014rich,
  title={Rich feature hierarchies for accurate object detection and semantic segmentation},
  author={Girshick, Ross and Donahue, Jeff and Darrell, Trevor and Malik, Jitendra},
  booktitle={IEEE CVPR},
  pages={580--587},
  year={2014}
}

@inproceedings{he2014spatial,
  title={Spatial pyramid pooling in deep convolutional networks for visual recognition},
  author={He, Kaiming and Zhang, Xiangyu and Ren, Shaoqing and Sun, Jian},
  booktitle={European Conf. on Comp.Vis.},
  pages={346--361},
  year={2014},
  organization={Springer}
}

@article{opencv_library,
    author = {Bradski, G.},
    citeulike-article-id = {2236121},
    journal = {Dr. Dobb's J. of Software Tools},
    keywords = {bibtex-import},
    posted-at = {2008-01-15 19:21:54},
    priority = {4},
    year = {2000}
}
=========================================== Motion Learning ===========================================
@article{yee2006hierarchical,
  title={Hierarchical Dirichlet Processes},
  author={Yee Whye, TEH and JORDAN, Michael I and Matthew, J and David, M},
  year={2006}
}

@article{foxdeveloping,
  title={Developing a tempered HDP-HMM for Systems with State Persistence},
  author={Fox, Emily B and Sudderth, Erik B and Jordan, Michael I and Willsky, Alan S}
}

@article{wang2009unsupervised,
  title={Unsupervised activity perception in crowded and complicated scenes using hierarchical bayesian models},
  author={Wang, Xiaogang and Ma, Xiaoxu and Grimson, W Eric L},
  journal={IEEE Transactions on pattern analysis and machine intelligence},
  volume={31},
  number={3},
  pages={539--555},
  year={2009},
  publisher={IEEE}
}


@inproceedings{kuettel2010s,
  title={What's going on? Discovering spatio-temporal dependencies in dynamic scenes},
  author={Kuettel, Daniel and Breitenstein, Michael D and Van Gool, Luc and Ferrari, Vittorio},
  booktitle={Computer Vision and Pattern Recognition (CVPR), 2010 IEEE Conference on},
  pages={1951--1958},
  year={2010},
  organization={IEEE}
}

@inproceedings{hospedales2009markov,
  title={A markov clustering topic model for mining behaviour in video},
  author={Hospedales, Timothy and Gong, Shaogang and Xiang, Tao},
  booktitle={Computer Vision, 2009 IEEE 12th International Conference on},
  pages={1165--1172},
  year={2009},
  organization={IEEE}
}


@inproceedings{zhou2012understanding,
  title={Understanding collective crowd behaviors: Learning a mixture model of dynamic pedestrian-agents},
  author={Zhou, Bolei and Wang, Xiaogang and Tang, Xiaoou},
  booktitle={Computer Vision and Pattern Recognition (CVPR), 2012 IEEE Conference on},
  pages={2871--2878},
  year={2012},
  organization={IEEE}
}

@inproceedings{zhao2011robust,
  title={Robust unsupervised motion pattern inference from video and applications},
  author={Zhao, Xuemei and Medioni, G{\'e}rard},
  booktitle={Computer Vision (ICCV), 2011 IEEE International Conference on},
  pages={715--722},
  year={2011},
  organization={IEEE}
}


=========================================== Trajectory clustering ===========================================
@inproceedings{xu2015unsupervised,
  title={Unsupervised trajectory clustering via adaptive multi-kernel-based shrinkage},
  author={Xu, Hongteng and Zhou, Yang and Lin, Weiyao and Zha, Hongyuan},
  booktitle={Proceedings of the IEEE International Conference on Computer Vision},
  pages={4328--4336},
  year={2015}
}

=========================================== Application ===========================================
@article{makris2005learning,
  title={Learning semantic scene models from observing activity in visual surveillance},
  author={Makris, Dimitrios and Ellis, Tim},
  journal={IEEE Transactions on Systems, Man, and Cybernetics, Part B (Cybernetics)},
  volume={35},
  number={3},
  pages={397--408},
  year={2005},
  publisher={IEEE}
}

@inproceedings{lessard2016countingapp,
  title={The countingapp, or how to count vehicles in 500 hours of video},
  author={Lessard, Adrien and Belisle, Francois and Bilodeau, Guillaume-Alexandre and Saunier, Nicolas},
  booktitle={Proceedings of the IEEE Conference on Computer Vision and Pattern Recognition Workshops},
  pages={16--24},
  year={2016}
}

@article{mishra2013video,
  title={Video-based vehicle detection and classification in heterogeneous traffic conditions using a novel kernel classifier},
  author={Mishra, Pradeep Kumar and Athiq, Mohamed and Nandoriya, Ajay and Chaudhuri, Subhasis},
  journal={IETE journal of research},
  volume={59},
  number={5},
  pages={541--550},
  year={2013},
  publisher={Taylor \& Francis}
}

@article{chiu2010automatic,
  title={Automatic Traffic Surveillance System for Vision-Based Vehicle Recognition and Tracking.},
  author={Chiu, Chung-Cheng and Ku, Min-Yu and Wang, Chun-Yi},
  journal={J. Inf. Sci. Eng.},
  volume={26},
  number={2},
  pages={611--629},
  year={2010}
}

@article{zhao2013counting,
  title={Counting vehicles from semantic regions},
  author={Zhao, Rui and Wang, Xiaogang},
  journal={IEEE Transactions on Intelligent Transportation Systems},
  volume={14},
  number={2},
  pages={1016--1022},
  year={2013},
  publisher={IEEE}
}

@inproceedings{liao2015video,
  title={Video Event Recognition by Combining HDP and Gaussian Process},
  author={Liao, Wentong and Rosenhahn, Bodo and Yang, Machael},
  booktitle={Proceedings of the IEEE International Conference on Computer Vision Workshops},
  pages={19--27},
  year={2015}
}

@inproceedings{tamersoy2009robust,
  title={Robust vehicle detection for tracking in highway surveillance videos using unsupervised learning},
  author={Tamersoy, Birgi and Aggarwal, Jake K},
  booktitle={Advanced Video and Signal Based Surveillance, 2009. AVSS'09. Sixth IEEE International Conference on},
  pages={529--534},
  year={2009},
  organization={Ieee}
}

@article{rodriguez2010adaptive,
  title={An adaptive, real-time, traffic monitoring system},
  author={Rodr{\'\i}guez, Tom{\'a}s and Garc{\'\i}a, Narciso},
  journal={Machine Vision and Applications},
  volume={21},
  number={4},
  pages={555--576},
  year={2010},
  publisher={Springer}
}

@inproceedings{bas2007automatic,
  title={Automatic vehicle counting from video for traffic flow analysis},
  author={Bas, Erhan and Tekalp, A Murat and Salman, F Sibel},
  booktitle={Intelligent Vehicles Symposium, 2007 IEEE},
  pages={392--397},
  year={2007},
  organization={Ieee}
}
=========================================== Camera calibration ===========================================

@article{kanhere2010taxonomy,
  title={A taxonomy and analysis of camera calibration methods for traffic monitoring applications},
  author={Kanhere, Neeraj K and Birchfield, Stanley T and others},
  journal={IEEE Transactions on Intelligent Transportation Systems},
  volume={11},
  number={2},
  pages={441},
  year={2010}
}

@article{cheng2011intelligent,
  title={Intelligent highway traffic surveillance with self-diagnosis abilities},
  author={Cheng, Hsu-Yung and Hsu, Shih-Han},
  journal={IEEE Transactions on Intelligent Transportation Systems},
  volume={12},
  number={4},
  pages={1462--1472},
  year={2011},
  publisher={IEEE}
}

@inproceedings{corral2017slot,
  title={Slot cars: 3D modelling for improved visual traffic analytics},
  author={Corral-Soto, Eduardo R and Elder, James H},
  booktitle={The IEEE Conference on Computer Vision and Pattern Recognition (CVPR) Workshops},
  year={2017}
}

=========================================== Entry/exit ===========================================
@article{tung2011goal,
  title={Goal-based trajectory analysis for unusual behaviour detection in intelligent surveillance},
  author={Tung, Frederick and Zelek, John S and Clausi, David A},
  journal={Image and Vision Computing},
  volume={29},
  number={4},
  pages={230--240},
  year={2011},
  publisher={Elsevier}
}

@inproceedings{intawong2015detection,
  title={Detection of entry and exit zones in image sequences for automatic traffic analysis},
  author={Intawong, Kannikar and Scuturici, Mihaela and Miguet, Serge},
  booktitle={Advanced Video and Signal Based Surveillance (AVSS), 2015 12th IEEE International Conference on},
  pages={1--6},
  year={2015},
  organization={IEEE}
}

@article{nedrich2013detecting,
  title={Detecting behavioral zones in local and global camera views},
  author={Nedrich, Matthew and Davis, James W},
  journal={Machine vision and applications},
  volume={24},
  number={3},
  pages={579--605},
  year={2013},
  publisher={Springer}
}

=========================================== Tracker ===========================================

@article{yanziVehicleTracker, 
  title={Fully Automatic, Real-Time Vehicle Tracking for Surveillance Video}, 
  author={Jin, Yanzi and Eriksson, Jakob},  
  journal={Computer and Robotic Vision},
  year={2017}
}

@inproceedings{kalal2010forward,
  title={Forward-backward error: Automatic detection of tracking failures},
  author={Kalal, Zdenek and Mikolajczyk, Krystian and Matas, Jiri},
  booktitle={Pattern recognition (ICPR), 2010 20th international conference on},
  pages={2756--2759},
  year={2010},
  organization={IEEE}
}

=========================================== Motion constrained===========================================
@inproceedings{song2010online,
  title={An online approach: Learning-semantic-scene-by-tracking and tracking-by-learning-semantic-scene},
  author={Song, Xuan and Shao, Xiaowei and Zhao, Huijing and Cui, Jinshi and Shibasaki, Ryosuke and Zha, Hongbin},
  booktitle={Computer Vision and Pattern Recognition (CVPR), 2010 IEEE Conference on},
  pages={739--746},
  year={2010},
  organization={IEEE}
}

@inproceedings{yang2012multi,
  title={Multi-target tracking by online learning of non-linear motion patterns and robust appearance models},
  author={Yang, Bo and Nevatia, Ram},
  booktitle={Computer Vision and Pattern Recognition (CVPR), 2012 IEEE Conference on},
  pages={1918--1925},
  year={2012},
  organization={IEEE}
}

@incollection{zhao2012tracking,
  title={Tracking using motion patterns for very crowded scenes},
  author={Zhao, Xuemei and Gong, Dian and Medioni, G{\'e}rard},
  booktitle={Computer Vision--ECCV 2012},
  pages={315--328},
  year={2012},
  publisher={Springer}
}

@article{kratz2010tracking,
  title={Tracking with local spatio-temporal motion patterns in extremely crowded scenes},
  author={Kratz, Louis and Nishino, Ko},
  year={2010},
  publisher={IEEE}
}

@inproceedings{manen2014appearances,
  title={Appearances can be deceiving: Learning visual tracking from few trajectory annotations},
  author={Manen, Santiago and Kwon, Junseok and Guillaumin, Matthieu and Van Gool, Luc},
  booktitle={European Conference on Computer Vision},
  pages={157--172},
  year={2014},
  organization={Springer}
}

@inproceedings{wan2000unscented,
  title={The unscented Kalman filter for nonlinear estimation},
  author={Wan, Eric A and Van Der Merwe, Rudolph},
  booktitle={Proceedings of the IEEE 2000 Adaptive Systems for Signal Processing, Communications, and Control Symposium (Cat. No. 00EX373)},
  pages={153--158},
  year={2000},
  organization={Ieee}
}

@inproceedings{julier1997new,
  title={New extension of the Kalman filter to nonlinear systems},
  author={Julier, Simon J and Uhlmann, Jeffrey K},
  booktitle={Signal processing, sensor fusion, and target recognition VI},
  volume={3068},
  pages={182--194},
  year={1997},
  organization={International Society for Optics and Photonics}
}

